02RETORNO01COBRANCA       15857000298700000000CARDDUM COMERCIO DE PESCADOS L001BANCO DO BRASIL1112200000289                      000000289450576366  3213103                                                                                                                                                                                                                                              000001
70000000000000000158570002987003213103                         3213103000000001970003300AI 01900000000000 17021112200000000019                    130121000000018168500103727010000000000000000000000000000000000000000000000000000000000000000000000000000000000000000000000000000000000000000000000000000000000000000000000000000000000000          0000000000000000000000000000000000000000000000001050000002
9201001          000000010000000018168500000030          000000000000000000000000000000          000000000000000000000000000000          000000000000000000000000000000                                                  000000000000000000000000000000                                                                                                                                                   000003
